@article{rice1966theory,
  title={A theory of condition},
  author={Rice, John R},
  journal={SIAM Journal on Numerical Analysis},
  volume={3},
  number={2},
  pages={287--310},
  year={1966},
  publisher={SIAM}
}

@article{graillat2018accurate,
  title={An accurate algorithm for evaluating rational functions},
  author={Graillat, Stef},
  journal={Applied Mathematics and Computation},
  volume={337},
  pages={494--503},
  year={2018},
  publisher={Elsevier}
}

